@article{Chen2019,
  author = {Chen, W. and Viljoen, A. M. and Hamman, J. H.},
  title = {To ferment or not to ferment: A comparative economic, phytochemical, functional, and toxicological perspective of \textit{Sceletium tortuosum}},
  journal = {Journal of Ethnopharmacology},
  year = {2019},
  volume = {231},
  pages = {235--245},
  doi = {10.1016/j.jep.2018.11.030}
}

@book{Dutfield2009,
  author = {Dutfield, Graham},
  title = {Intellectual Property Rights and the Life Science Industries: Past, Present and Future},
  edition = {2},
  publisher = {World Scientific},
  address = {Singapore},
  year = {2009}
}

@article{Haraway1988,
  author = {Haraway, Donna},
  title = {Situated Knowledges: The Science Question in Feminism and the Privilege of Partial Perspective},
  journal = {Feminist Studies},
  year = {1988},
  volume = {14},
  number = {3},
  pages = {575--599},
  doi = {10.2307/3178066}
}

@book{Harding1998,
  author = {Harding, Sandra},
  title = {Is Science Multicultural? Postcolonialisms, Feminisms, and Epistemologies},
  publisher = {Indiana University Press},
  address = {Bloomington},
  year = {1998}
}

@book{Harding2008,
  editor = {Harding, Sandra},
  title = {Sciences from Below: Feminisms, Postcolonialities, and Modernities},
  publisher = {Duke University Press},
  address = {Durham},
  year = {2008}
}

@book{Hess2007,
  editor = {Hess, Charlotte and Ostrom, Elinor},
  title = {Understanding Knowledge as a Commons: From Theory to Practice},
  publisher = {MIT Press},
  address = {Cambridge, MA},
  year = {2007}
}

@article{Krstenansky2016,
  author = {Krstenansky, Jakob L.},
  title = {Mesembrine alkaloids: Review of their occurrence, chemistry, and pharmacology},
  journal = {Alkaloids: Chemistry and Biology},
  year = {2016},
  volume = {76},
  pages = {1--80},
  doi = {10.1016/bs.alkal.2015.12.001}
}

@book{Latour1979,
  author = {Latour, Bruno and Woolgar, Steve},
  title = {Laboratory Life: The Construction of Scientific Facts},
  publisher = {Princeton University Press},
  address = {Princeton},
  year = {1979}
}

@book{Ostrom1990,
  author = {Ostrom, Elinor},
  title = {Governing the Commons: The Evolution of Institutions for Collective Action},
  publisher = {Cambridge University Press},
  address = {Cambridge},
  year = {1990}
}

@article{Quijano2000,
  author = {Quijano, An√≠bal},
  title = {Coloniality of Power, Eurocentrism, and Latin America},
  journal = {Nepantla: Views from South},
  year = {2000},
  volume = {1},
  number = {3},
  pages = {533--580}
}

@misc{Robinson2010,
  author = {Robinson, Daniel F.},
  title = {Confronting Biopiracy: Challenges, Cases and International Debates},
  year = {2010}
}

@book{Santos2014,
  author = {Santos, Boaventura de Sousa},
  title = {Epistemologies of the South: Justice Against Epistemicide},
  publisher = {Routledge},
  address = {London},
  year = {2014}
}

@article{Shikanga2012,
  author = {Shikanga, E. A. and Hamman, J. H. and Chen, W. and Combrinck, S. and Gericke, N. and Viljoen, A. M.},
  title = {In vitro permeation of mesembrine alkaloids from \textit{Sceletium tortuosum} across porcine buccal, sublingual, and intestinal mucosa},
  journal = {Planta Medica},
  year = {2012},
  volume = {78},
  number = {3},
  pages = {260--268},
  doi = {10.1055/s-0031-1280367}
}

@book{Smith1999,
  author = {Smith, Linda Tuhiwai},
  title = {Decolonizing Methodologies: Research and Indigenous Peoples},
  edition = {1},
  publisher = {Zed Books},
  address = {London},
  year = {1999}
}

@incollection{Wynberg2009,
  author = {Wynberg, Rachel and Chennells, Roger},
  title = {Green diamonds of the South: A review of the San-Hoodia case and its implications for benefit-sharing},
  booktitle = {Research Handbook on Intellectual Property and Biodiversity},
  pages = {326--356},
  year = {2009}
}
