% Sample BibTeX file for KANNA bibliography testing
% This is a test file until real Zotero export is configured

@article{gericke2011,
  title = {Sceletium tortuosum: A Review of its Chemistry, Pharmacology and Toxicology},
  author = {Gericke, Nigel and Viljoen, Alvaro M.},
  journal = {Journal of Ethnopharmacology},
  year = {2011},
  volume = {138},
  pages = {652-663},
  doi = {10.1016/j.jep.2011.10.014},
  keywords = {Sceletium, mesembrine, alkaloids, pharmacology},
  abstract = {Sceletium tortuosum is a succulent plant endemic to South Africa that has been used traditionally by the Khoisan people for its mood-elevating and anxiolytic properties.}
}

@article{harvey2011,
  title = {Pharmacological Actions of the South African Medicinal and Functional Food Plant Sceletium tortuosum and Its Principal Alkaloids},
  author = {Harvey, Ben H. and Mc Keown, John and Stein, Dan J.},
  journal = {Journal of Ethnopharmacology},
  year = {2011},
  volume = {137},
  pages = {1124-1129},
  doi = {10.1016/j.jep.2011.07.035},
  keywords = {Sceletium, serotonin, PDE4, anxiety},
  abstract = {This review examines the pharmacological evidence for the traditional uses of Sceletium tortuosum and explores the mechanisms of action of its principal alkaloids.}
}

@article{smith2011,
  title = {Effects of Sceletium tortuosum in an In Vivo Model of Psychological Stress},
  author = {Smith, Carina},
  journal = {Journal of Ethnopharmacology},
  year = {2011},
  volume = {133},
  pages = {31-36},
  doi = {10.1016/j.jep.2010.08.058},
  keywords = {stress, anxiety, rat model},
  abstract = {Sceletium tortuosum extract was tested in an animal model of psychological stress to evaluate its anxiolytic potential.}
}

@phdthesis{shikanga2012,
  title = {Chemotypic Variation of Sceletium tortuosum Alkaloids and Commercial Product Consistency},
  author = {Shikanga, Erica A.},
  school = {University of the Western Cape},
  year = {2012},
  type = {PhD thesis},
  keywords = {alkaloid variation, chemotype, commercial products}
}

@article{capps1977,
  title = {Sceletium Alkaloids. Part 7. Structure and Absolute Configuration of the Mesembrine Alkaloids},
  author = {Capps, T. M. and Jeffs, P. W.},
  journal = {Journal of the Chemical Society, Perkin Transactions 1},
  year = {1977},
  pages = {1353-1357},
  doi = {10.1039/P19770001353},
  keywords = {alkaloid structure, stereochemistry, mesembrine}
}

@article{bennett2025,
  title = {Immunomodulatory Effects of Sceletium tortuosum (Trimesemine) Elucidated in Vitro},
  author = {Bennett, Lisa and Swart, Anna C.},
  journal = {South African Journal of Botany},
  year = {2025},
  volume = {156},
  pages = {234-242},
  doi = {10.1016/j.sajb.2024.11.045},
  keywords = {immunomodulation, trimesemine, cytokines}
}
