% Fichier BibTeX minimal - Références critiques pour Introduction + Chapitre 1
% Version temporaire en attendant export complet Zotero
% Généré: 2025-10-10

% ============================================================================
% ÉPISTÉMOLOGIE POSTCOLONIALE & STS
% ============================================================================

@book{harding1998,
  author    = {Harding, Sandra},
  title     = {Is Science Multicultural? Postcolonialisms, Feminisms, and Epistemologies},
  publisher = {Indiana University Press},
  address   = {Bloomington},
  year      = {1998},
  keywords  = {epistemology, postcolonial, standpoint}
}

@book{harding2008,
  author    = {Harding, Sandra},
  editor    = {Harding, Sandra},
  title     = {Sciences from Below: Feminisms, Postcolonialities, and Modernities},
  publisher = {Duke University Press},
  address   = {Durham},
  year      = {2008}
}

@article{haraway1988,
  author    = {Haraway, Donna},
  title     = {Situated Knowledges: The Science Question in Feminism and the Privilege of Partial Perspective},
  journal   = {Feminist Studies},
  volume    = {14},
  number    = {3},
  pages     = {575--599},
  year      = {1988},
  doi       = {10.2307/3178066},
  keywords  = {epistemology, STS, situated knowledge}
}

@book{santos2014,
  author    = {Santos, Boaventura de Sousa},
  title     = {Epistemologies of the South: Justice Against Epistemicide},
  publisher = {Routledge},
  address   = {London},
  year      = {2014},
  keywords  = {epistemicide, postcolonial, global South}
}

@book{smith1999,
  author    = {Smith, Linda Tuhiwai},
  title     = {Decolonizing Methodologies: Research and Indigenous Peoples},
  publisher = {Zed Books},
  address   = {London},
  year      = {1999},
  edition   = {1},
  keywords  = {decolonization, indigenous research, methodology}
}

@book{latour1979,
  author    = {Latour, Bruno and Woolgar, Steve},
  title     = {Laboratory Life: The Construction of Scientific Facts},
  publisher = {Princeton University Press},
  address   = {Princeton},
  year      = {1979},
  keywords  = {STS, ANT, constructivism}
}

@article{quijano2000,
  author    = {Quijano, Aníbal},
  title     = {Coloniality of Power, Eurocentrism, and Latin America},
  journal   = {Nepantla: Views from South},
  volume    = {1},
  number    = {3},
  pages     = {533--580},
  year      = {2000},
  keywords  = {coloniality, power, epistemology}
}

% ============================================================================
% BIOPIRATERIE & ABS
% ============================================================================

@article{wynberg2009,
  author    = {Wynberg, Rachel and Chennells, Roger},
  title     = {Green diamonds of the South: A review of the San-Hoodia case and its implications for benefit-sharing},
  journal   = {Research Handbook on Intellectual Property and Biodiversity},
  year      = {2009},
  pages     = {326--356},
  keywords  = {biopiracy, Hoodia, San, benefit-sharing}
}

@article{robinson2010,
  author    = {Robinson, Daniel F.},
  title     = {Confronting Biopiracy: Challenges, Cases and International Debates},
  publisher = {Earthscan},
  address   = {London},
  year      = {2010},
  keywords  = {biopiracy, ABS, legal}
}

@book{dutfield2009,
  author    = {Dutfield, Graham},
  title     = {Intellectual Property Rights and the Life Science Industries: Past, Present and Future},
  publisher = {World Scientific},
  address   = {Singapore},
  year      = {2009},
  edition   = {2},
  keywords  = {intellectual property, biodiversity, patents}
}

% ============================================================================
% THÉORIE DES COMMUNS
% ============================================================================

@book{ostrom1990,
  author    = {Ostrom, Elinor},
  title     = {Governing the Commons: The Evolution of Institutions for Collective Action},
  publisher = {Cambridge University Press},
  address   = {Cambridge},
  year      = {1990},
  keywords  = {commons, governance, collective action}
}

@book{hess2007,
  author    = {Hess, Charlotte and Ostrom, Elinor},
  editor    = {Hess, Charlotte and Ostrom, Elinor},
  title     = {Understanding Knowledge as a Commons: From Theory to Practice},
  publisher = {MIT Press},
  address   = {Cambridge, MA},
  year      = {2007},
  keywords  = {knowledge commons, intellectual property}
}

% ============================================================================
% PHYTOCHIMIE & PHARMACOLOGIE
% ============================================================================

@article{chen2019,
  author    = {Chen, W. and Viljoen, A. M. and Hamman, J. H.},
  title     = {To ferment or not to ferment: A comparative economic, phytochemical, functional, and toxicological perspective of {Sceletium tortuosum}},
  journal   = {Journal of Ethnopharmacology},
  volume    = {231},
  pages     = {235--245},
  year      = {2019},
  doi       = {10.1016/j.jep.2018.11.030},
  keywords  = {Sceletium, fermentation, UPLC-MS, phytochemistry}
}

@article{shikanga2012,
  author    = {Shikanga, E. A. and Hamman, J. H. and Chen, W. and Combrinck, S. and Gericke, N. and Viljoen, A. M.},
  title     = {In vitro permeation of mesembrine alkaloids from {Sceletium tortuosum} across porcine buccal, sublingual, and intestinal mucosa},
  journal   = {Planta Medica},
  volume    = {78},
  number    = {3},
  pages     = {260--268},
  year      = {2012},
  doi       = {10.1055/s-0031-1280367},
  keywords  = {Sceletium, mesembrine, permeability}
}

@article{krstenansky2016,
  author    = {Krstenansky, Jakob L.},
  title     = {Mesembrine alkaloids: Review of their occurrence, chemistry, and pharmacology},
  journal   = {Alkaloids: Chemistry and Biology},
  volume    = {76},
  pages     = {1--80},
  year      = {2016},
  doi       = {10.1016/bs.alkal.2015.12.001},
  keywords  = {mesembrine, alkaloids, Sceletium, chemistry}
}

% ============================================================================
% AJOUTEZ ICI LES RÉFÉRENCES MANQUANTES AU FUR ET À MESURE
% ============================================================================

% Note: Ce fichier sera remplacé par l'export complet Zotero
% une fois la configuration Better BibTeX activée.
